<?xml version="1.0" encoding="UTF-8"?><record xmlns="http://www.loc.gov/MARC21/slim" xmlns:cinclude="http://apache.org/cocoon/include/1.0" xmlns:zs="http://www.loc.gov/zing/srw/">
  <leader>00364nz  a2200133n  4500</leader>
  <controlfield tag="001">no2012028352</controlfield>
  <controlfield tag="003">DLC</controlfield>
  <controlfield tag="005">20120229075526.0</controlfield>
  <controlfield tag="008">120227n| acannaabn          |n aaa     c</controlfield>
  <datafield tag="010" ind1=" " ind2=" ">
    <subfield code="a">no2012028352</subfield>
  </datafield>
  <datafield tag="035" ind1=" " ind2=" ">
    <subfield code="a">(OCoLC)oca09127571</subfield>
  </datafield>
  <datafield tag="040" ind1=" " ind2=" ">
    <subfield code="a">NySyUHSR</subfield>
    <subfield code="b">eng</subfield>
    <subfield code="c">NySyUHSR</subfield>
  </datafield>
  <datafield tag="100" ind1="1" ind2=" ">
    <subfield code="a">Zipper, Hans</subfield>
  </datafield>
  <datafield tag="670" ind1=" " ind2=" ">
    <subfield code="a">Schumann, R. Kartenlegerin [SR] 1940:</subfield>
    <subfield code="b">label (Hans Zipper; piano)</subfield>
  </datafield>
</record>